<record><leader>00000cas a22000007a 4500</leader><controlfield tag="001">48657403</controlfield><controlfield tag="008">011221c199u9999cauwr n       0   c0eng c</controlfield><datafield ind1=" " ind2=" " tag="010"><subfield code="a">  2001211445</subfield></datafield><datafield ind1=" " ind2=" " tag="040"><subfield code="a">NSD</subfield><subfield code="b">eng</subfield><subfield code="c">NSD</subfield><subfield code="d">OCLCQ</subfield></datafield><datafield ind1=" " ind2=" " tag="012"><subfield code="l">1</subfield></datafield><datafield ind1="0" ind2=" " tag="022"><subfield code="a">1538-1773</subfield><subfield code="l">1538-1773</subfield><subfield code="2">1</subfield></datafield><datafield ind1=" " ind2=" " tag="037"><subfield code="b">T. Litvinova, 855 42nd Ave., San Fracisco, CA 94121</subfield><subfield code="c">$39.00</subfield></datafield><datafield ind1=" " ind2=" " tag="042"><subfield code="a">nsdp</subfield><subfield code="a">pcc</subfield></datafield><datafield ind1="1" ind2="0" tag="082"><subfield code="a">070</subfield><subfield code="2">13</subfield></datafield><datafield ind1="0" ind2=" " tag="130"><subfield code="a">Vzgli&#65056;a&#65057;d (San Francisco, Calif.)</subfield></datafield><datafield ind1="0" ind2=" " tag="210"><subfield code="a">Vzgli&#65056;a&#65057;d</subfield><subfield code="b">San Franc. Calif.)</subfield></datafield><datafield ind1=" " ind2="0" tag="222"><subfield code="a">Vzgli&#65056;a&#65057;d</subfield><subfield code="b">(San Francisco, Calif.)</subfield></datafield><datafield ind1="1" ind2="0" tag="245"><subfield code="a">Vzgli&#65056;a&#65057;d =</subfield><subfield code="b">Viewpoint.</subfield></datafield><datafield ind1="3" ind2="1" tag="246"><subfield code="a">Viewpoint</subfield></datafield><datafield ind1=" " ind2=" " tag="260"><subfield code="a">San Francisco, CA :</subfield><subfield code="b">T. Litvinova</subfield></datafield><datafield ind1=" " ind2=" " tag="300"><subfield code="a">v. :</subfield><subfield code="b">ill. ;</subfield><subfield code="c">44 cm.</subfield></datafield><datafield ind1=" " ind2=" " tag="310"><subfield code="a">Weekly</subfield></datafield><datafield ind1=" " ind2=" " tag="588"><subfield code="a">Description based on: No. 464 (4-10 abg. 2000 g.); title from caption.</subfield></datafield><datafield ind1="1" ind2=" " tag="029"><subfield code="a">AU@</subfield><subfield code="b">000023274881</subfield></datafield></record>